<?xml version="1.0" encoding="UTF-8"?><collection xmlns="http://www.loc.gov/MARC21/slim"><record><leader>00451nam--2200145-i-4500</leader><controlfield tag="001">000015482</controlfield><controlfield tag="002">20161230</controlfield><controlfield tag="005">20161230201031</controlfield><controlfield tag="008">060222s1000------------r-----000-0-eng-d</controlfield><datafield ind1=" " ind2=" " tag="080"><subfield code="a">517.11/.12</subfield></datafield><datafield ind1="1" ind2="0" tag="100"><subfield code="a">Belea, Constantin Si Vartolomei, Mihai</subfield></datafield><datafield ind1="1" ind2=" " tag="245"><subfield code="a">Metode algebrice si algoritmi de sinteza optim ala a sistemelor dinamice</subfield></datafield><datafield ind1=" " ind2=" " tag="260"><subfield code="a">Bucuresti, Editura Academiei Rsr., 1985. 223 P</subfield></datafield><datafield ind1=" " ind2=" " tag="852"><subfield code="a">72729</subfield><subfield code="c">517.11</subfield></datafield><datafield ind1=" " ind2=" " tag="CAT"><subfield code="a">Sys</subfield><subfield code="c">20080715</subfield><subfield code="h">130432</subfield></datafield></record></collection>